@Book{elon,
author = {Elon Lages Lima},
title = {Curso de Análise - Volume 1},
publisher = {Instituto de Matemática Pura e Aplicada},
year = {1976},
series = {Projeto Euclides},
address = {Rio de Janeiro},
edition = {4}
}

@Book{cordeiro,
author = {Daniel Cordeiro de Morais Filho},
title =  {Manual de Redação Matemática},
edition = {2},
year = {2018},
address = {Rio de Janeiro},
series = {Coleção do Professor de Matemática},
publisher = {SBM}
}

@Misc{pppbacharelado,
author = {CCM-UFSCar},
title = {Curso Bacharelado em Matemática - Projeto Político Pedagógico},
institution = {Universidade Federal de São Carlos},
year = {2018}
}

@book{guidorizzi,
  title={Um curso de c{\'a}lculo},
  author={H. L. Guidorizzi},
  year={2013},
  address = {São Paulo},
  publisher={LTC}
}

@book{anton,
  title={C{\'a}lculo - Volume I},
  author={H. Anton and C. I. Bivens and S. L. Davis},
  year={2007},
  publisher={Bookman},
  edition = {8}
}

@book{einstein,
   title =     {Exact solutions of Einstein's field equations},
   author =    {Hans Stephani and Dietrich Kramer and Malcolm MacCallum and Cornelius Hoenselaers and Eduard Herlt},
   publisher = {Cambridge University Press},
   year =      {2003},
   series =    {Cambridge monographs on mathematical physics},
   edition =   {2}
}